
%%% 
%%% BOOKS
%%%




@Book{SmithVanNess_Book,
  author = 	 {J.M. Smith, H.C. Van Ness, M.M. Abbott},
  title = 	 {Introduction to Chemical Engineering Thermodynamics},
  publisher = 	 {XXX},
  year = 	 {2010},
  edition = 	 {6}
}

@Book{Balmer_Book,
  author = 	 {R.T. Balmer},
  title = 	 {Modern Engineering Thermodynamics},
  publisher = 	 {Academic Press},
  year = 	 {2011}
}

@Book{Moran_Book,
  author = 	 {M.J. Moran and H.N. Saphiro},
  title = 	 {Fundamentals of Engineering Thermodynamics},
  publisher = 	 {John Wiley and Sons},
  edition = 	 {5$^{\text{th}}$},
  year = 	 {2006}
}

@Book{Batchelor_1967,
  author = 	 {G.K. Batchelor},
  title = 	 {An Introduction to Fluid Dynamics},
  publisher = 	 {Cambridge University Press},
  year = 	 {1967}
}
%
@Book{Berziger_2002,
  author = 	 {J.H. Ferziger and M. Peric},
  title = 	 {Computational Methods for Fluid Dynamics},
  publisher = 	 {Springer-Verlag},
  year = 	 {2002}
}
%
@Book{Leithold_Book,
  author = 	 {L. Leithold},
  title = 	 {The Calculus 7},
  publisher = 	 {Hapercollins College},
  year = 	 {1997},
  edition = 	 {7$^{\text{th}}$},
  note = 	 {ISBN 978-0673469137}
}
%

@Book{Strang_Book,
  author = 	 {G. Strang},
  title = 	 {Calculus},
  publisher = 	 {Wellesley-Cambridge Press},
  year = 	 {2010},
  edition = 	 {2$^{\text{nd}}$},
  note = 	 {ISBN 978-09802327-45}
}

%%%
%%% ARTICLES
%%%


@Article{Kallo_1955,
  author = 	 {R.M. Kallo},
  title = 	 {The Line Integral in Chemical Thermodynamics},
  journal = 	 {Journal of Chemical Education},
  year = 	 {1955},
  volume = 	 {32},
  number = 	 {7},
  pages = 	 {384-385}
}

